% Encoding: UTF-8

% -====== Mandallaz ======== %

@Book{mandallaz2008,
  title     = {Sampling techniques for forest inventories},
  publisher = {CRC Press},
  year      = {2008},
  author    = {Mandallaz, Daniel},
  doi       = {10.1201/9781584889779},
  url       = {https://doi.org/10.1201/9781584889779},
}

@Article{mandallaz2013b,
  author    = {Mandallaz, Daniel and Breschan, Jochen and Hill, Andreas},
  title     = {New regression estimators in forest inventories with two-phase sampling and partially exhaustive information: a design-based monte carlo approach with applications to small-area estimation},
  journal   = {Canadian Journal of Forest Research},
  year      = {2013},
  volume    = {43},
  number    = {11},
  pages     = {1023--1031},
  doi       = {10.1139/cjfr-2013-0181},
  file      = {:pdf\\mandallaz2013three_exh_cjfr-2013-0181.pdf:PDF},
  publisher = {NRC Research Press},
  url       = { https://doi.org/10.1139/cjfr-2013-0181},
}

% -====== Gregoire ======== %

@book{gregoire2007,
  title={Sampling strategies for natural resources and the environment},
  author={Gregoire, Timothy G and Valentine, Harry T},
  year={2007},
  publisher={CRC Press}
}


% -====== Schreuder ======== %

@book{schreuder1993,
  title={Sampling methods for multiresource forest inventory},
  author={Schreuder, Hans T and Gregoire, Timothy G and Wood, Geoffrey B},
  year={1993},
  publisher={John Wiley \& Sons}
}


% -====== Köhl ======== %

@Book{kohl2006,
  title     = {Sampling methods, remote sensing and GIS multiresource forest inventory},
  publisher = {Springer Science \& Business Media},
  year      = {2006},
  author    = {K{\"o}hl, Michael and Magnussen, Steen S and Marchetti, Marco},
  file      = {:pdf\\koehl_magnussen_Sampling Methods, Remote Sensing and GIS Multiresource Forest Inventory.pdf:PDF},
}

@Article{mandallaz2013c,
  author    = {Mandallaz, Daniel},
  title     = {A three-phase sampling extension of the generalized regression estimator with partially exhaustive information},
  journal   = {Canadian Journal of Forest Research},
  year      = {2013},
  volume    = {44},
  number    = {4},
  pages     = {383--388},
  doi       = {10.1139/cjfr-2013-0449},
  file      = {:pdf\\mandallaz2013three_cjfr-2013-0449.pdf:PDF},
  publisher = {NRC Research Press},
  url       = {https://doi.org/10.1139/cjfr-2013-0449},
}

@Article{mandallaz2013a,
  author    = {Mandallaz, Daniel},
  title     = {Design-based properties of some small-area estimators in forest inventory with two-phase sampling},
  journal   = {Canadian Journal of Forest Research},
  year      = {2013},
  volume    = {43},
  number    = {5},
  pages     = {441--449},
  doi       = {10.1139/cjfr-2012-0381},
  file      = {:pdf\\mandallaz_sae_cjfr-2012-0381.pdf:PDF},
  publisher = {NRC Research Press},
  url       = {https://doi.org/10.1139/cjfr-2012-0381},
}

@Article{massey2014a,
  author    = {Massey, Alexander and Mandallaz, Daniel and Lanz, Adrian},
  title     = {Integrating remote sensing and past inventory data under the new annual design of the Swiss National Forest Inventory using three-phase design-based regression estimation},
  journal   = {Canadian Journal of Forest Research},
  year      = {2014},
  volume    = {44},
  number    = {10},
  pages     = {1177--1186},
  doi       = {10.1139/cjfr-2014-0152},
  file      = {:pdf\\massey1_2014_cjfr-2014-0152.pdf:PDF},
  publisher = {NRC Research Press},
  url       = {https://doi.org/10.1139/cjfr-2014-0152},
}

@Article{stoffels2015,
  author  = {Stoffels, Johannes and Hill, Joachim and Sachtleber, Thomas and Mader, Sebastian and Buddenbaum, Henning and Stern, Oksana and Langshausen, Joachim and Dietz, Jürgen and Ontrup, Godehard},
  title   = {Satellite-Based Derivation of High-Resolution Forest Information Layers for Operational Forest Management},
  journal = {Forests},
  year    = {2015},
  volume  = {6},
  number  = {6},
  pages   = {1982--2013},
  issn    = {1999-4907},
  doi     = {10.3390/f6061982},
  file    = {:pdf\\stoffels_forests-06-01982.pdf:PDF},
  url     = {http://www.mdpi.com/1999-4907/6/6/1982},
}

@Misc{bwi3,
  author    = {von Th{\"u}nen-Institut},
  title     = {Dritte {B}undeswaldinventur 2012},
  year      = {2014},
  note      = {Accessed: 2017-02-03},
  publisher = {Johann Heinrich von Th{\"u}nen-Institut},
  url       = {https://bwi.info},
}

@Article{kublin2003,
  author    = {Kublin, Edgar},
  title     = {Einheitliche Beschreibung der Schaftform--Methoden und Programme--BDATPro},
  journal   = {Forstwissenschaftliches Centralblatt},
  year      = {2003},
  volume    = {122},
  number    = {3},
  pages     = {183--200},
  file      = {:pdf\\Kublin-2003-Forstwissenschaftliches_Centralblatt.pdf:PDF},
  publisher = {Wiley Online Library},
}

@Misc{bwi3_aufn,
  author    = {{B}undesministerium für {E}rn{\"a}hrung, {L}andwirtschaft und {V}erbraucherschutz},
  title     = {Aufnahmeanweisung für die dritte {B}undeswaldinventur {BWI3} (2011 - 2012)},
  year      = {2011},
  file      = {:pdf\\AufnahmeanweisungBWI3.pdf:PDF},
  publisher = {BMELV},
  url       = {https://www.bundeswaldinventur.de/index.php?id=421},
}

@Book{congalton2008,
  title     = {Assessing the accuracy of remotely sensed data: principles and practices},
  publisher = {CRC press},
  year      = {2008},
  author    = {Congalton, Russell G and Green, Kass},
  doi       = {10.1201/9781420055139},
  file      = {:pdf\\Assessing the Accuracy of Remotely Sensed Data\\Analysis of Differences in the Error Matrix.pdf:PDF},
  url       = {https://doi.org/10.1201/9781420055139},
}

@Article{deo2016,
  author  = {Ram Kumar Deo and Robert E. Froese and Michael J. Falkowski and Andrew T. Hudak},
  title   = {Optimizing Variable Radius Plot Size and LiDAR Resolution to Model Standing Volume in Conifer Forests},
  journal = {Canadian Journal of Remote Sensing},
  year    = {2016},
  volume  = {42},
  number  = {5},
  pages   = {428-442},
  doi     = {10.1080/07038992.2016.1220826},
  eprint  = {http://dx.doi.org/10.1080/07038992.2016.1220826},
  file    = {:C\:\\Users\\hilla\\Dropbox\\Diplomarbeit\\dipl_document\\bib\\pdf\\Hudak_Optimizing Variable Radius Plot Size and LiDAR Resolution to Model Standing Volume in Conifer Forests.pdf:PDF},
  url     = { 
        http://dx.doi.org/10.1080/07038992.2016.1220826
    
},
}

@Book{carroll2006,
  title     = {Measurement error in nonlinear models: a modern perspective},
  publisher = {CRC press},
  year      = {2006},
  author    = {Carroll, Raymond J and Ruppert, David and Stefanski, Leonard A and Crainiceanu, Ciprian M},
  doi       = {10.1201/9781420010138},
  file      = {:pdf\\Rupert_Chapter_Linear Regression and Attenuation.pdf:PDF},
  url       = {https://doi.org/10.1201/9781420010138},
}

@Book{gustafson2003,
  title     = {Measurement error and misclassification in statistics and epidemiology: impacts and Bayesian adjustments},
  publisher = {CRC Press},
  year      = {2003},
  author    = {Gustafson, Paul},
  doi       = {10.1201/9780203502761},
  file      = {:pdf\\Gustafson_Measurement error and misclassification in statistics and epidemiology\\The Impact of Mismeasured Categorical Variables.pdf:PDF},
  url       = {https://doi.org/10.1201/9780203502761},
}

@Article{hill2014,
  author    = {Hill, Andreas and Breschan, Jochen and Mandallaz, Daniel},
  title     = {Accuracy assessment of timber volume maps using forest inventory data and LiDAR canopy height models},
  journal   = {Forests},
  year      = {2014},
  volume    = {5},
  number    = {9},
  pages     = {2253--2275},
  doi       = {10.3390/f5092253},
  file      = {:pdf\\hill_forests-05-02253-3.pdf:PDF},
  publisher = {Multidisciplinary Digital Publishing Institute},
  url       = {http://www.mdpi.com/1999-4907/5/9/2253},
}

@Article{kublin2013,
  author    = {Kublin, Edgar and Breidenbach, Johannes and K{\"a}ndler, Gerald},
  title     = {A flexible stem taper and volume prediction method based on mixed-effects B-spline regression},
  journal   = {European journal of forest research},
  year      = {2013},
  volume    = {132},
  number    = {5-6},
  pages     = {983--997},
  doi       = {10.1007/s10342-013-0715-0},
  file      = {:pdf\\Kublin_A ﬂexible stem taper and volume prediction method based on mixed-effects B-spline regression.pdf:PDF},
  publisher = {Springer},
}

@Article{liaw2002,
  author  = {Andy Liaw and Matthew Wiener},
  title   = {Classification and Regression by randomForest},
  journal = {R News},
  year    = {2002},
  volume  = {2},
  number  = {3},
  pages   = {18-22},
  file    = {:pdf\\liaw_R_randomforest.pdf:PDF},
  url     = {http://CRAN.R-project.org/doc/Rnews/},
}

@Article{breiman2001,
  author    = {Breiman, Leo},
  title     = {Random forests},
  journal   = {Machine learning},
  year      = {2001},
  volume    = {45},
  number    = {1},
  pages     = {5--32},
  doi       = {10.1023/A:1010933404324},
  file      = {:pdf\\Breiman_randomforest2001.pdf:PDF},
  publisher = {Springer},
}

@Article{maack2016,
  author    = {Maack, Joachim and Lingenfelder, Marcus and Weinacker, Holger and Koch, Barbara},
  title     = {Modelling the standing timber volume of Baden-W{\"u}rttemberg—A large-scale approach using a fusion of Landsat, airborne LiDAR and National Forest Inventory data},
  journal   = {International Journal of Applied Earth Observation and Geoinformation},
  year      = {2016},
  volume    = {49},
  pages     = {107--116},
  doi       = {10.1016/j.jag.2016.02.004},
  file      = {:pdf\\Modelling standing timber volume _BadenWurtemberg_Maack_Koch_2016.pdf:PDF},
  publisher = {Elsevier},
  url       = {https://doi.org/10.1016/j.jag.2016.02.004},
}

@Article{white2016,
  author    = {White, Joanne C and Coops, Nicholas C and Wulder, Michael A and Vastaranta, Mikko and Hilker, Thomas and Tompalski, Piotr},
  title     = {Remote sensing technologies for enhancing forest inventories: A review},
  journal   = {Canadian Journal of Remote Sensing},
  year      = {2016},
  volume    = {42},
  number    = {5},
  pages     = {619--641},
  doi       = {10.1080/07038992.2016.1207484},
  file      = {:pdf\\Remote Sensing Technologies for Enhancing Forest Inventories_A Review.pdf:PDF},
  publisher = {Taylor \& Francis},
  url       = {http://dx.doi.org/10.1080/07038992.2016.1207484},
}

@Article{zianis2005,
  author  = {Zianis, Dimitris and Muukkonen, Petteri and M{\"a}kip{\"a}{\"a}, Raisa and Mencuccini, Maurizio and others},
  title   = {{B}iomass and stem volume equations for tree species in {E}urope},
  journal = {Silva Fennica},
  year    = {2005},
  volume  = {Monographs 4},
  file    = {:pdf\\Biomass and stem volume equations for tree species in europe_Zianis.pdf:PDF},
}

@Article{latifi2012,
  author    = {Latifi, Hooman and Nothdurft, Arne and Straub, Christoph and Koch, Barbara},
  title     = {Modelling stratified forest attributes using optical/LiDAR features in a central European landscape},
  journal   = {International Journal of Digital Earth},
  year      = {2012},
  volume    = {5},
  number    = {2},
  pages     = {106--132},
  doi       = {10.1080/17538947.2011.583992},
  file      = {:pdf\\Modelling stratified forest attributes using optical_ Latifia_Nothdurft_Koch.pdf:PDF},
  publisher = {Taylor \& Francis},
  url       = {http://dx.doi.org/10.1080/17538947.2011.583992},
}

@Manual{R,
  title        = {R: A Language and Environment for Statistical Computing},
  author       = {{R Core Team}},
  organization = {R Foundation for Statistical Computing},
  address      = {Vienna, Austria},
  year         = {2016},
  url          = {https://www.R-project.org/},
}

@Article{gauer2005,
  author  = {Gauer, J and Aldinger, E},
  title   = {{W}ald{\"o}kologische {N}aturr{\"a}ume {D}eutschlands-{W}uchsgebiete},
  journal = {{M}itteilungen des {V}ereins f{\"u}r {F}orstliche {S}tandortskunde und {F}orstpflanzenz{\"u}chtung},
  year    = {2005},
  volume  = {43},
  pages   = {281-288},
}

@Article{koch2010,
  author    = {Koch, Barbara},
  title     = {Status and future of laser scanning, synthetic aperture radar and hyperspectral remote sensing data for forest biomass assessment},
  journal   = {ISPRS Journal of Photogrammetry and Remote Sensing},
  year      = {2010},
  volume    = {65},
  number    = {6},
  pages     = {581--590},
  doi       = {10.1016/j.isprsjprs.2010.09.001},
  file      = {:pdf\\Koch_Status and future of laser scanning, synthetic aperture radar and hyperspectral remote sensing data for forest biomass assessment.pdf:PDF},
  publisher = {Elsevier},
  url       = {https://doi.org/10.1016/j.isprsjprs.2010.09.001},
}

@Article{straub2009,
  author    = {Straub, Christoph and Dees, Matthias and Weinacker, Holger and Koch, Barbara},
  title     = {Using airborne laser scanner data and CIR orthophotos to estimate the stem volume of forest stands},
  journal   = {Photogrammetrie-Fernerkundung-Geoinformation},
  year      = {2009},
  volume    = {2009},
  number    = {3},
  pages     = {277--287},
  doi       = {10.1127/0935-1221/2009/0022},
  file      = {:pdf\\Straub_Using Airborne Laser Scanner Data and CIR Orthophotos to Estimate the stem volume of forest stands.pdf:PDF},
  publisher = {E. Schweizerbart'sche Verlagsbuchhandlung},
  url       = {https://doi.org/10.1127/0935-1221/2009/0022},
}

@Article{packalen2006,
  author    = {Packal{\'e}n, Petteri and Maltamo, Matti},
  title     = {Predicting the plot volume by tree species using airborne laser scanning and aerial photographs},
  journal   = {Forest Science},
  year      = {2006},
  volume    = {52},
  number    = {6},
  pages     = {611--622},
  file      = {:pdf\\Maltamo_Predicting the Plot Volume by Tree Species Using Airborne Laser Scanning and Aerial Photographs.pdf:PDF},
  publisher = {Society of American Foresters},
}

@Article{nink2015,
  author    = {Nink, Sascha and Hill, Joachim and Buddenbaum, Henning and Stoffels, Johannes and Sachtleber, Thomas and Langshausen, Joachim},
  title     = {Assessing the Suitability of Future Multi-and Hyperspectral Satellite Systems for Mapping the Spatial Distribution of Norway Spruce Timber Volume},
  journal   = {Remote Sensing},
  year      = {2015},
  volume    = {7},
  number    = {9},
  pages     = {12009--12040},
  doi       = {10.3390/rs70912009},
  file      = {:pdf\\Nink_remotesensing-07-12009-v2-1.pdf:PDF},
  publisher = {Multidisciplinary Digital Publishing Institute},
  url       = {http://www.mdpi.com/2072-4292/7/9/12009},
}

@Book{bitterlich1984,
  title     = {The relascope idea. Relative measurements in forestry.},
  publisher = {Commonwealth Agricultural Bureaux},
  year      = {1984},
  author    = {Bitterlich, Walter},
}

@Article{hollaus2007,
  author    = {Hollaus, Markus and Wagner, Wolfgang and Maier, Bernhard and Schadauer, Klemens},
  title     = {Airborne laser scanning of forest stem volume in a mountainous environment},
  journal   = {Sensors},
  year      = {2007},
  volume    = {7},
  number    = {8},
  pages     = {1559--1577},
  doi       = {10.3390/s7081559},
  file      = {:pdf\\Hollaus_Airborne Laser Scanning of Forest Stem Volume in a Mountainous Environment.pdf:PDF},
  publisher = {Molecular Diversity Preservation International},
  url       = {http://www.mdpi.com/1424-8220/7/8/1559},
}

@Article{lambrecht2017,
  author    = {Lamprecht, Sebastian and Hill, Andreas and Stoffels, Johannes and Udelhoven, Thomas},
  title     = {A Machine Learning Method for Co-Registration and Individual Tree Matching of Forest Inventory and Airborne Laser Scanning Data},
  journal   = {Remote Sensing},
  year      = {2017},
  volume    = {9},
  number    = {5},
  doi       = {10.3390/rs9050505},
  file      = {:pdf\\lambrecht_A Machine Learning Method for Co-Registration and Individual Tree Matching of Forest Inventory and Airborne Laser Scanning Data.pdf:PDF},
  publisher = {Multidisciplinary Digital Publishing Institute},
  url       = {http://www.mdpi.com/2072-4292/9/5/505},
}

@Misc{matlab,
  author       = {Mathworks},
  title        = {MATLAB version 9.2.0.538062 (R2017a)},
  year         = {2017},
  address      = {Natick, Massachusetts},
  organization = {The Mathworks, Inc.},
}

@Article{tonolli2011,
  author    = {Tonolli, Sergio and Dalponte, Michele and Vescovo, Loris and Rodeghiero, Mirco and Bruzzone, Lorenzo and Gianelle, Damiano},
  title     = {Mapping and modeling forest tree volume using forest inventory and airborne laser scanning},
  journal   = {European Journal of Forest Research},
  year      = {2011},
  volume    = {130},
  number    = {4},
  pages     = {569--577},
  doi       = {10.1007/s10342-010-0445-5},
  file      = {:pdf\\Mapping_and_modeling_forest_tree_volume_using_fore.pdf:PDF},
  publisher = {Springer},
  url       = {http://dx.doi.org/10.1007/s10342-010-0445-5},
}

@Article{vanaardt2008,
  author    = {Van Aardt, Jan and Wynne, Randolph and Scrivani, John},
  title     = {Lidar-based mapping of forest volume and biomass by taxonomic group using structurally homogenous segments},
  journal   = {Photogrammetric Engineering \& Remote Sensing},
  year      = {2008},
  volume    = {74},
  number    = {8},
  pages     = {1033--1044},
  doi       = {10.14358/PERS.74.8.1033},
  publisher = {American Society for Photogrammetry and Remote Sensing},
  url       = {https://doi.org/10.14358/PERS.74.8.1033},
}

@Article{latifi2010,
  author    = {Latifi, Hooman and Nothdurft, Arne and Koch, Barbara},
  title     = {Non-parametric prediction and mapping of standing timber volume and biomass in a temperate forest: application of multiple optical/LiDAR-derived predictors},
  journal   = {Forestry},
  year      = {2010},
  volume    = {83},
  number    = {4},
  pages     = {395--407},
  doi       = {10.1093/forestry/cpq022},
  publisher = {Oxford University Press},
  url       = {https://doi.org/10.1093/forestry/cpq022},
}

@Article{massey2015b,
  author  = {Alexander Massey and Daniel Mandallaz},
  title   = {Design-based regression estimation of net change for forest inventories},
  journal = {Canadian Journal of Forest Research},
  year    = {2015},
  volume  = {45},
  number  = {12},
  pages   = {1775-1784},
  doi     = {10.1139/cjfr-2015-0266},
  eprint  = {https://doi.org/10.1139/cjfr-2015-0266},
  file    = {:pdf\\massey_netchange.pdf:PDF},
  url     = {https://doi.org/10.1139/cjfr-2015-0266
},
}

@Article{beaudoin2014,
  author    = {Beaudoin, A and Bernier, PY and Guindon, L and Villemaire, P and Guo, XJ and Stinson, G and Bergeron, T and Magnussen, S and Hall, RJ},
  title     = {Mapping attributes of Canada’s forests at moderate resolution through k NN and MODIS imagery},
  journal   = {Canadian Journal of Forest Research},
  year      = {2014},
  volume    = {44},
  number    = {5},
  pages     = {521--532},
  doi       = {10.1139/cjfr-2013-0401},
  publisher = {NRC Research Press},
  url       = {https://doi.org/10.1139/cjfr-2013-0401},
}

@Article{breidenbach2012,
  author    = {Breidenbach, Johannes and Astrup, Rasmus},
  title     = {Small area estimation of forest attributes in the Norwegian National Forest Inventory},
  journal   = {European Journal of Forest Research},
  year      = {2012},
  volume    = {131},
  number    = {4},
  pages     = {1255--1267},
  doi       = {10.1007/s10342-012-0596-7},
  file      = {:pdf\\breidenbach_sae_norway.pdf:PDF},
  publisher = {Springer},
}

@Article{magnussen2014,
  author  = {Steen Magnussen and Daniel Mandallaz and Johannes Breidenbach and Adrian Lanz and Christian Ginzler},
  title   = {National forest inventories in the service of small area estimation of stem volume},
  journal = {Canadian Journal of Forest Research},
  year    = {2014},
  volume  = {44},
  number  = {9},
  pages   = {1079-1090},
  doi     = {10.1139/cjfr-2013-0448},
  url     = {https://doi.org/10.1139/cjfr-2013-0448
},
}

@InCollection{naesset2014inmaltamo,
  author    = {Erik Naesset},
  title     = {Area-Based Inventory in Norway – From Innovation to an Operational Reality},
  booktitle = {Forest Applications of Airborne Laser Scanning - Concepts and Case Studies},
  publisher = {Springer},
  year      = {2014},
  chapter   = {11},
  pages     = {216-240},
  doi       = {10.1007/978-94-017-8663-8},
}

@Article{mcroberts2010,
  author    = {McRoberts, Ronald E and Tomppo, Erkki O and N{\ae}sset, Erik},
  title     = {Advances and emerging issues in national forest inventories},
  journal   = {Scandinavian Journal of Forest Research},
  year      = {2010},
  volume    = {25},
  number    = {4},
  pages     = {368--381},
  doi       = {10.1080/02827581.2010.496739},
  file      = {:pdf\\McRoberts_Advances and emerging issues in national forest inventories.pdf:PDF},
  publisher = {Taylor \& Francis},
  url       = {http://dx.doi.org/10.1080/02827581.2010.496739},
}

@Article{ginzler2015,
  author    = {Ginzler, Christian and Hobi, Martina L},
  title     = {Countrywide stereo-image matching for updating digital surface models in the framework of the Swiss national forest inventory},
  journal   = {Remote Sensing},
  year      = {2015},
  volume    = {7},
  number    = {4},
  pages     = {4343--4370},
  doi       = {10.3390/rs70404343},
  file      = {:pdf\\Ginzler_countrywide stereoimage matching in switzerland.pdf:PDF},
  publisher = {Multidisciplinary Digital Publishing Institute},
  url       = {http://www.mdpi.com/2072-4292/7/4/4343},
}

@Article{jakubowski2013,
  author    = {Jakubowski, Marek K and Guo, Qinghua and Kelly, Maggi},
  title     = {Tradeoffs between lidar pulse density and forest measurement accuracy},
  journal   = {Remote Sensing of Environment},
  year      = {2013},
  volume    = {130},
  pages     = {245--253},
  doi       = {10.1016/j.rse.2012.11.024},
  file      = {:pdf\\jakubowski_tradeoffs lidar quality.pdf:PDF},
  publisher = {Elsevier},
  url       = {https://doi.org/10.1016/j.rse.2012.11.024},
}

@Article{mcroberts2015,
  author    = {McRoberts, Ronald E and N{\ae}sset, Erik and Gobakken, Terje and Bollands{\aa}s, Ole Martin},
  title     = {Indirect and direct estimation of forest biomass change using forest inventory and airborne laser scanning data},
  journal   = {Remote Sensing of Environment},
  year      = {2015},
  volume    = {164},
  pages     = {36--42},
  doi       = {10.1016/j.rse.2015.02.018},
  file      = {:pdf\\mcroberts_changeestimation.pdf:PDF},
  publisher = {Elsevier},
  url       = {https://doi.org/10.1016/j.rse.2015.02.018},
}

@Article{magnussen2010,
  author    = {Magnussen, S and N{\ae}sset, E and Gobakken, T},
  title     = {Reliability of LiDAR derived predictors of forest inventory attributes: A case study with Norway spruce},
  journal   = {Remote Sensing of Environment},
  year      = {2010},
  volume    = {114},
  number    = {4},
  pages     = {700--712},
  doi       = {10.1016/j.rse.2009.11.007},
  file      = {:pdf\\magnussen_reliability.pdf:PDF},
  publisher = {Elsevier},
  url       = {https://doi.org/10.1016/j.rse.2009.11.007},
}

@Article{husmann2017,
  author    = {Husmann, Kai and Rumpf, Sabine and Nagel, J{\"u}rgen},
  title     = {Biomass functions and nutrient contents of European beech, oak, sycamore maple and ash and their meaning for the biomass supply chain},
  journal   = {Journal of Cleaner Production},
  year      = {2017},
  doi       = {10.1016/j.jclepro.2017.03.019},
  file      = {:pdf\\husmann_biomass.pdf:PDF},
  publisher = {Elsevier},
  url       = {https://doi.org/10.1016/j.jclepro.2017.03.019},
}

@InBook{Akaike2011,
  pages     = {25--25},
  title     = {Akaike's Information Criterion},
  publisher = {Springer Berlin Heidelberg},
  year      = {2011},
  author    = {Akaike, Hirotugu},
  editor    = {Lovric, Miodrag},
  address   = {Berlin, Heidelberg},
  isbn      = {978-3-642-04898-2},
  booktitle = {International Encyclopedia of Statistical Science},
  doi       = {10.1007/978-3-642-04898-2_110},
  url       = {http://dx.doi.org/10.1007/978-3-642-04898-2_110},
}

@Article{ullah2017,
  author    = {Ullah, Sami and Dees, Matthias and Datta, Pawan and Adler, Petra and Koch, Barbara},
  title     = {Comparing Airborne Laser Scanning, and Image-Based Point Clouds by Semi-Global Matching and Enhanced Automatic Terrain Extraction to Estimate Forest Timber Volume},
  journal   = {Forests},
  year      = {2017},
  volume    = {8},
  number    = {6},
  pages     = {215},
  doi       = {10.3390/f8060215},
  publisher = {Multidisciplinary Digital Publishing Institute},
  url       = {http://www.mdpi.com/1999-4907/8/6/215},
}

@Misc{sentinel2,
  author = {ESA},
  title  = {Sentinel-2 earth observation mission},
  year   = {2017},
  note   = {Accessed: 2017-03-29},
  url    = {http://www.esa.int/Our_Activities/Observing_the_Earth/Copernicus/Sentinel-2},
}

@Article{saborowski2010,
  author    = {Saborowski, Joachim and Marx, Almuth and Nagel, J{\"u}rgen and B{\"o}ckmann, Thomas},
  title     = {Double sampling for stratification in periodic inventories—Infinite population approach},
  journal   = {Forest ecology and management},
  year      = {2010},
  volume    = {260},
  number    = {10},
  pages     = {1886--1895},
  doi       = {10.1016/j.foreco.2010.08.035},
  publisher = {Elsevier},
  url       = {https://doi.org/10.1016/j.foreco.2010.08.035},
}

@Article{vonLuebke2014,
  author    = {von L{\"u}pke, Nikolas and Saborowski, Joachim},
  title     = {Combining double sampling for stratification and cluster sampling to a three-level sampling design for continuous forest inventories},
  journal   = {European journal of forest research},
  year      = {2014},
  volume    = {133},
  number    = {1},
  pages     = {89--100},
  doi       = {10.1007/s10342-013-0743-9},
  publisher = {Springer},
  url       = {http://dx.doi.org/10.1007/s10342-013-0743-9},
}

@Article{kirchhoefer2017,
  author    = {Kirchhoefer, Melanie and Schumacher, Johannes and Adler, Petra and K{\"a}ndler, Gerald},
  title     = {Considerations towards a Novel Approach for Integrating Angle-Count Sampling Data in Remote Sensing Based Forest Inventories},
  journal   = {Forests},
  year      = {2017},
  volume    = {8},
  number    = {7},
  pages     = {239},
  file      = {:pdf/forests-08-00239(1).pdf:PDF},
  publisher = {Multidisciplinary Digital Publishing Institute},
}

@Article{naesset1997,
  author  = {Erik Næsset},
  title   = {Estimating timber volume of forest stands using airborne laser scanner data},
  journal = {Remote Sensing of Environment},
  year    = {1997},
  volume  = {61},
  number  = {2},
  pages   = {246 - 253},
  issn    = {0034-4257},
  doi     = {https://doi.org/10.1016/S0034-4257(97)00041-2},
  url     = {http://www.sciencedirect.com/science/article/pii/S0034425797000412},
}

@Article{brosofske2014,
  author    = {Brosofske, Kimberley D and Froese, Robert E and Falkowski, Michael J and Banskota, Asim},
  title     = {A review of methods for mapping and prediction of inventory attributes for operational forest management},
  journal   = {Forest Science},
  year      = {2014},
  volume    = {60},
  number    = {4},
  pages     = {733--756},
  publisher = {Society of American Foresters},
}

@Article{bohlin2017,
  author    = {Bohlin, Jonas and Bohlin, Inka and Jonz{\'e}n, Jonas and Nilsson, Mats},
  title     = {Mapping forest attributes using data from stereophotogrammetry of aerial images and field data from the national forest inventory},
  journal   = {SILVA FENNICA},
  year      = {2017},
  volume    = {51},
  number    = {2},
  publisher = {FINNISH SOC FOREST SCIENCE-NATURAL RESOURCES INST FINLAND PO BOX 18, FI-01301 VANTAA, FINLAND},
}

@Article{rahlf2014,
  author   = {Johannes Rahlf and Johannes Breidenbach and Svein Solberg and Erik Næsset and Rasmus Astrup},
  title    = {Comparison of four types of 3D data for timber volume estimation},
  journal  = {Remote Sensing of Environment},
  year     = {2014},
  volume   = {155},
  number   = {Supplement C},
  pages    = {325 - 333},
  issn     = {0034-4257},
  doi      = {https://doi.org/10.1016/j.rse.2014.08.036},
  keywords = {Forest inventory, Timber volume, Airborne laser scanning, Digital aerial photographs, Digital photogrammetry, TanDEM-X, TerraSAR-X, Radargrammetry, Mixed effects models},
  url      = {http://www.sciencedirect.com/science/article/pii/S0034425714003484},
}

@Article{breidenbach2008,
  author  = {Breidenbach, Johannes and Kublin, Edgar and McGaughey, R and Andersen, Hans-Erik and Reutebuch, Stephen E},
  title   = {Mixed-effects models for estimating stand volume by means of small footprint airborne laser scanner data},
  journal = {Photogrammetric Journal of Finland},
  year    = {2008},
  volume  = {21},
  number  = {1},
  pages   = {4--15},
  file    = {:pdf\\Breidenbach_2008.pdf:PDF},
}

@Book{fahrmeir2013,
  title     = {Regression: models, methods and applications},
  publisher = {Springer Science \& Business Media},
  year      = {2013},
  author    = {Fahrmeir, Ludwig and Kneib, Thomas and Lang, Stefan and Marx, Brian},
  doi       = {10.1007/978-3-642-34333-9},
  file      = {:pdf\\Regression_Fahrmeier_Kneib.pdf:PDF},
  url       = {http://www.springer.com/us/book/9783642343322},
}

@Book{draper2014,
  title     = {Applied regression analysis},
  publisher = {John Wiley \& Sons},
  year      = {2014},
  author    = {Draper, Norman R and Smith, Harry},
  file      = {:pdf/Draper and Smith Regression Analysis/merge_pdfs.pdf:PDF},
}

@Book{pinheirobates2000,
  title     = {Mixed-Effects Models in S and S-PLUS},
  publisher = {Springer},
  year      = {2000},
  author    = {Pinheiro, Jose and Bates, Douglas},
  doi       = {10.1007/b98882},
  url       = {http://link.springer.com/book/10.1007%2Fb98882},
}

@Comment{jabref-meta: databaseType:bibtex;}
